@book{Knuth97,
  author    = {Donald E. Knuth},
  title     = {The Art of Computer Programming, Volume 1: Fundamental Algorithms},
  edition   = {3},
  year      = {1997},
  publisher = {Addison-Wesley},
}
@book{Lamport86,
  author    = {Leslie Lamport},
  title     = {Document Preparation System: \LaTeX{} User's Guide and Reference Manual},
  year      = {1986},
  publisher = {Addison-Wesley},
}

@inproceedings{Smith20,
  author    = {John Smith and Jane Doe},
  title     = {An Innovative Approach to AI},
  booktitle = {Proceedings of the 2020 International Conference on Artificial Intelligence},
  year      = {2020},
}